@article{CRTBP,
author = {Ardaens, Jean-Sebastian and D'Amico, Simone},
year = {2008},
month = {01},
pages = {},
title = {Control of Formation Flying Spacecraft at a Lagrange Point}
}

@misc{website:soho_nasa,
      title = "Solar and Heliospheric Observatory",
      url = "https://sohowww.nascom.nasa.gov/home.html"
}